@Book{abramowitz,
 author    = "Milton {Abramowitz} and Irene A. {Stegun}",
 title     = "Handbook of Mathematical Functions with
              Formulas, Graphs, and Mathematical Tables",
 publisher = "Dover",
 year      =  1964,
 address   = "New York",
 edition   = "ninth Dover printing, tenth GPO printing"
}

@Book{fractalBook,
author = "Jean-Francois Gouyet",
title = "Physics and Fractal Structures",
publisher = "Springer-Verlag New York Inc",
year = 1996,
month = "May"
}

@misc{treeOfLifeLink,
  howpublished = "\url{http://blog.opentreeoflife.org/what-is-the-tree-of-life/}"
}

@misc{phylogeneticTree,
 howpublished = "\url{http://en.wikipedia.org/wiki/Phylogenetic_tree}"
 }
 
 
@misc{treeOfLifeDefine,
  howpublished = "\url{http://en.wikipedia.org/wiki/Tree_of_life_(biology)#The_tree_of_life_today}"
}

@Article{oneZoom,
author = "J. Rosindell and L. J. Harmon",
journal = "PLOS Biology",
title = "OneZoom: A Fractal Explorer for the Tree of Life",
year = 2012,
month = "October",
volumn = "10"
}

@Article{euclidean,
author = "Roderic D.M.",
title = "Space, time, form: viewing the Tree of Life",
journal = "Trends in Ecology and Evolution",
year = 2012,
month = "February",
VOLUME = "27",
number = "2"
}

@Article{multipleMonitoring2,
author = "P.A. Goloboff",
title = "Phylogenetic analysis of 73 060 taxa corroborates major eukaryotic groups",
journal = "Cladistics",
year = 2009,
month = "June",
volume = "25",
issues = "3",
pages = "211--230"
}


@Article{multipleMonitoring,
author="E. Pennisi",
title = "Modernizing the Tree of Life",
journal = "Science",
year = 2003,
month = "June",
VOLUME = "300",
number = "5626",
PAGES = "1692--1697"
}


@misc{oneZoomWebsite,
 howpublished = "\url{http://www.onezoom.org}"
 }
